%YAML 1.1
%TAG !u! tag:unity3d.com,2011:
--- !u!29 &1
OcclusionCullingSettings:
  m_ObjectHideFlags: 0
  serializedVersion: 2
  m_OcclusionBakeSettings:
    smallestOccluder: 5
    smallestHole: 0.25
    backfaceThreshold: 100
  m_SceneGUID: 00000000000000000000000000000000
  m_OcclusionCullingData: {fileID: 0}
--- !u!104 &2
RenderSettings:
  m_ObjectHideFlags: 0
  serializedVersion: 8
  m_Fog: 0
  m_FogColor: {r: 0.5, g: 0.5, b: 0.5, a: 1}
  m_FogMode: 3
  m_FogDensity: 0.01
  m_LinearFogStart: 0
  m_LinearFogEnd: 300
  m_AmbientSkyColor: {r: 0.212, g: 0.227, b: 0.259, a: 1}
  m_AmbientEquatorColor: {r: 0.114, g: 0.125, b: 0.133, a: 1}
  m_AmbientGroundColor: {r: 0.047, g: 0.043, b: 0.035, a: 1}
  m_AmbientIntensity: 1
  m_AmbientMode: 0
  m_SubtractiveShadowColor: {r: 0.42, g: 0.478, b: 0.627, a: 1}
  m_SkyboxMaterial: {fileID: 10304, guid: 0000000000000000f000000000000000, type: 0}
  m_HaloStrength: 0.5
  m_FlareStrength: 1
  m_FlareFadeSpeed: 3
  m_HaloTexture: {fileID: 0}
  m_SpotCookie: {fileID: 10001, guid: 0000000000000000e000000000000000, type: 0}
  m_DefaultReflectionMode: 0
  m_DefaultReflectionResolution: 128
  m_ReflectionBounces: 1
  m_ReflectionIntensity: 1
  m_CustomReflection: {fileID: 0}
  m_Sun: {fileID: 0}
  m_IndirectSpecularColor: {r: 0, g: 0, b: 0, a: 1}
--- !u!157 &4
LightmapSettings:
  m_ObjectHideFlags: 0
  serializedVersion: 11
  m_GIWorkflowMode: 0
  m_GISettings:
    serializedVersion: 2
    m_BounceScale: 1
    m_IndirectOutputScale: 1
    m_AlbedoBoost: 1
    m_TemporalCoherenceThreshold: 1
    m_EnvironmentLightingMode: 0
    m_EnableBakedLightmaps: 1
    m_EnableRealtimeLightmaps: 1
  m_LightmapEditorSettings:
    serializedVersion: 9
    m_Resolution: 2
    m_BakeResolution: 40
    m_TextureWidth: 1024
    m_TextureHeight: 1024
    m_AO: 0
    m_AOMaxDistance: 1
    m_CompAOExponent: 0
    m_CompAOExponentDirect: 0
    m_Padding: 2
    m_LightmapParameters: {fileID: 0}
    m_LightmapsBakeMode: 1
    m_TextureCompression: 1
    m_FinalGather: 0
    m_FinalGatherFiltering: 1
    m_FinalGatherRayCount: 1024
    m_ReflectionCompression: 2
    m_MixedBakeMode: 1
    m_BakeBackend: 0
    m_PVRSampling: 1
    m_PVRDirectSampleCount: 32
    m_PVRSampleCount: 500
    m_PVRBounces: 2
    m_PVRFilterTypeDirect: 0
    m_PVRFilterTypeIndirect: 0
    m_PVRFilterTypeAO: 0
    m_PVRFilteringMode: 0
    m_PVRCulling: 1
    m_PVRFilteringGaussRadiusDirect: 1
    m_PVRFilteringGaussRadiusIndirect: 5
    m_PVRFilteringGaussRadiusAO: 2
    m_PVRFilteringAtrousPositionSigmaDirect: 0.5
    m_PVRFilteringAtrousPositionSigmaIndirect: 2
    m_PVRFilteringAtrousPositionSigmaAO: 1
    m_ShowResolutionOverlay: 1
  m_LightingDataAsset: {fileID: 0}
  m_UseShadowmask: 0
--- !u!196 &5
NavMeshSettings:
  serializedVersion: 2
  m_ObjectHideFlags: 0
  m_BuildSettings:
    serializedVersion: 2
    agentTypeID: 0
    agentRadius: 0.5
    agentHeight: 2
    agentSlope: 45
    agentClimb: 0.4
    ledgeDropHeight: 0
    maxJumpAcrossDistance: 0
    minRegionArea: 2
    manualCellSize: 0
    cellSize: 0.16666667
    manualTileSize: 0
    tileSize: 256
    accuratePlacement: 0
    debug:
      m_Flags: 0
  m_NavMeshData: {fileID: 0}
--- !u!1001 &85619356
Prefab:
  m_ObjectHideFlags: 0
  serializedVersion: 2
  m_Modification:
    m_TransformParent: {fileID: 0}
    m_Modifications:
    - target: {fileID: 408892, guid: 8928d8b2ebf257a4c8074c9772134b38, type: 2}
      propertyPath: m_LocalPosition.x
      value: 0
      objectReference: {fileID: 0}
    - target: {fileID: 408892, guid: 8928d8b2ebf257a4c8074c9772134b38, type: 2}
      propertyPath: m_LocalPosition.y
      value: 0
      objectReference: {fileID: 0}
    - target: {fileID: 408892, guid: 8928d8b2ebf257a4c8074c9772134b38, type: 2}
      propertyPath: m_LocalPosition.z
      value: 0
      objectReference: {fileID: 0}
    - target: {fileID: 408892, guid: 8928d8b2ebf257a4c8074c9772134b38, type: 2}
      propertyPath: m_LocalRotation.x
      value: 0
      objectReference: {fileID: 0}
    - target: {fileID: 408892, guid: 8928d8b2ebf257a4c8074c9772134b38, type: 2}
      propertyPath: m_LocalRotation.y
      value: 0
      objectReference: {fileID: 0}
    - target: {fileID: 408892, guid: 8928d8b2ebf257a4c8074c9772134b38, type: 2}
      propertyPath: m_LocalRotation.z
      value: 0
      objectReference: {fileID: 0}
    - target: {fileID: 408892, guid: 8928d8b2ebf257a4c8074c9772134b38, type: 2}
      propertyPath: m_LocalRotation.w
      value: 1
      objectReference: {fileID: 0}
    - target: {fileID: 408892, guid: 8928d8b2ebf257a4c8074c9772134b38, type: 2}
      propertyPath: m_RootOrder
      value: 3
      objectReference: {fileID: 0}
    - target: {fileID: 11959680, guid: 8928d8b2ebf257a4c8074c9772134b38, type: 2}
      propertyPath: m_Material
      value: 
      objectReference: {fileID: 1144902391}
    - target: {fileID: 159960, guid: 8928d8b2ebf257a4c8074c9772134b38, type: 2}
      propertyPath: m_IsActive
      value: 0
      objectReference: {fileID: 0}
    m_RemovedComponents: []
  m_ParentPrefab: {fileID: 100100000, guid: 8928d8b2ebf257a4c8074c9772134b38, type: 2}
  m_RootGameObject: {fileID: 2131029852}
  m_IsPrefabParent: 0
--- !u!1 &144805249
GameObject:
  m_ObjectHideFlags: 0
  m_PrefabParentObject: {fileID: 0}
  m_PrefabInternal: {fileID: 0}
  serializedVersion: 5
  m_Component:
  - component: {fileID: 144805254}
  - component: {fileID: 144805253}
  - component: {fileID: 144805252}
  - component: {fileID: 144805251}
  - component: {fileID: 144805250}
  m_Layer: 0
  m_Name: Main Camera
  m_TagString: MainCamera
  m_Icon: {fileID: 0}
  m_NavMeshLayer: 0
  m_StaticEditorFlags: 0
  m_IsActive: 1
--- !u!81 &144805250
AudioListener:
  m_ObjectHideFlags: 0
  m_PrefabParentObject: {fileID: 0}
  m_PrefabInternal: {fileID: 0}
  m_GameObject: {fileID: 144805249}
  m_Enabled: 1
--- !u!124 &144805251
Behaviour:
  m_ObjectHideFlags: 0
  m_PrefabParentObject: {fileID: 0}
  m_PrefabInternal: {fileID: 0}
  m_GameObject: {fileID: 144805249}
  m_Enabled: 1
--- !u!92 &144805252
Behaviour:
  m_ObjectHideFlags: 0
  m_PrefabParentObject: {fileID: 0}
  m_PrefabInternal: {fileID: 0}
  m_GameObject: {fileID: 144805249}
  m_Enabled: 1
--- !u!20 &144805253
Camera:
  m_ObjectHideFlags: 0
  m_PrefabParentObject: {fileID: 0}
  m_PrefabInternal: {fileID: 0}
  m_GameObject: {fileID: 144805249}
  m_Enabled: 1
  serializedVersion: 2
  m_ClearFlags: 1
  m_BackGroundColor: {r: 0.19215687, g: 0.3019608, b: 0.4745098, a: 0.019607844}
  m_NormalizedViewPortRect:
    serializedVersion: 2
    x: 0
    y: 0
    width: 1
    height: 1
  near clip plane: 0.3
  far clip plane: 1000
  field of view: 60
  orthographic: 0
  orthographic size: 5
  m_Depth: -1
  m_CullingMask:
    serializedVersion: 2
    m_Bits: 4294967295
  m_RenderingPath: -1
  m_TargetTexture: {fileID: 0}
  m_TargetDisplay: 0
  m_TargetEye: 3
  m_HDR: 0
  m_AllowMSAA: 1
  m_AllowDynamicResolution: 0
  m_ForceIntoRT: 0
  m_OcclusionCulling: 1
  m_StereoConvergence: 10
  m_StereoSeparation: 0.022
--- !u!4 &144805254
Transform:
  m_ObjectHideFlags: 0
  m_PrefabParentObject: {fileID: 0}
  m_PrefabInternal: {fileID: 0}
  m_GameObject: {fileID: 144805249}
  m_LocalRotation: {x: 0.15293549, y: 0.7938898, z: -0.20601743, w: 0.55127716}
  m_LocalPosition: {x: -14.296111, y: 12.046175, z: -0.32718086}
  m_LocalScale: {x: 1, y: 1, z: 1}
  m_Children: []
  m_Father: {fileID: 0}
  m_RootOrder: 0
  m_LocalEulerAnglesHint: {x: 0, y: 0, z: 0}
--- !u!1 &308659838
GameObject:
  m_ObjectHideFlags: 0
  m_PrefabParentObject: {fileID: 0}
  m_PrefabInternal: {fileID: 0}
  serializedVersion: 5
  m_Component:
  - component: {fileID: 308659842}
  - component: {fileID: 308659841}
  - component: {fileID: 308659840}
  - component: {fileID: 308659839}
  m_Layer: 0
  m_Name: Cube
  m_TagString: Untagged
  m_Icon: {fileID: 0}
  m_NavMeshLayer: 0
  m_StaticEditorFlags: 0
  m_IsActive: 1
--- !u!23 &308659839
MeshRenderer:
  m_ObjectHideFlags: 0
  m_PrefabParentObject: {fileID: 0}
  m_PrefabInternal: {fileID: 0}
  m_GameObject: {fileID: 308659838}
  m_Enabled: 1
  m_CastShadows: 1
  m_ReceiveShadows: 1
  m_DynamicOccludee: 1
  m_MotionVectors: 1
  m_LightProbeUsage: 1
  m_ReflectionProbeUsage: 1
  m_Materials:
  - {fileID: 10303, guid: 0000000000000000f000000000000000, type: 0}
  m_StaticBatchInfo:
    firstSubMesh: 0
    subMeshCount: 0
  m_StaticBatchRoot: {fileID: 0}
  m_ProbeAnchor: {fileID: 0}
  m_LightProbeVolumeOverride: {fileID: 0}
  m_ScaleInLightmap: 1
  m_PreserveUVs: 1
  m_IgnoreNormalsForChartDetection: 0
  m_ImportantGI: 0
  m_StitchLightmapSeams: 0
  m_SelectedEditorRenderState: 3
  m_MinimumChartSize: 4
  m_AutoUVMaxDistance: 0.5
  m_AutoUVMaxAngle: 89
  m_LightmapParameters: {fileID: 0}
  m_SortingLayerID: 0
  m_SortingLayer: 0
  m_SortingOrder: 0
--- !u!65 &308659840
BoxCollider:
  m_ObjectHideFlags: 0
  m_PrefabParentObject: {fileID: 0}
  m_PrefabInternal: {fileID: 0}
  m_GameObject: {fileID: 308659838}
  m_Material: {fileID: 0}
  m_IsTrigger: 0
  m_Enabled: 1
  serializedVersion: 2
  m_Size: {x: 1, y: 1, z: 1}
  m_Center: {x: 0, y: 0, z: 0}
--- !u!33 &308659841
MeshFilter:
  m_ObjectHideFlags: 0
  m_PrefabParentObject: {fileID: 0}
  m_PrefabInternal: {fileID: 0}
  m_GameObject: {fileID: 308659838}
  m_Mesh: {fileID: 10202, guid: 0000000000000000e000000000000000, type: 0}
--- !u!4 &308659842
Transform:
  m_ObjectHideFlags: 0
  m_PrefabParentObject: {fileID: 0}
  m_PrefabInternal: {fileID: 0}
  m_GameObject: {fileID: 308659838}
  m_LocalRotation: {x: 0, y: 0, z: 0, w: 1}
  m_LocalPosition: {x: 0, y: 1.35, z: 0}
  m_LocalScale: {x: 2.0862172, y: 5.7601585, z: 2.0862172}
  m_Children: []
  m_Father: {fileID: 0}
  m_RootOrder: 2
  m_LocalEulerAnglesHint: {x: 0, y: 0, z: 0}
--- !u!1 &311469701
GameObject:
  m_ObjectHideFlags: 0
  m_PrefabParentObject: {fileID: 191202, guid: 8928d8b2ebf257a4c8074c9772134b38, type: 2}
  m_PrefabInternal: {fileID: 85619356}
  serializedVersion: 5
  m_Component:
  - component: {fileID: 311469702}
  - component: {fileID: 311469704}
  - component: {fileID: 311469703}
  m_Layer: 4
  m_Name: OCEAN_mesh
  m_TagString: Untagged
  m_Icon: {fileID: 0}
  m_NavMeshLayer: 0
  m_StaticEditorFlags: 0
  m_IsActive: 1
--- !u!4 &311469702
Transform:
  m_ObjectHideFlags: 0
  m_PrefabParentObject: {fileID: 421350, guid: 8928d8b2ebf257a4c8074c9772134b38, type: 2}
  m_PrefabInternal: {fileID: 85619356}
  m_GameObject: {fileID: 311469701}
  m_LocalRotation: {x: 0, y: 0, z: 0, w: 1}
  m_LocalPosition: {x: 0, y: 0, z: 0}
  m_LocalScale: {x: 782.4606, y: 2, z: 782.4602}
  m_Children: []
  m_Father: {fileID: 2131029853}
  m_RootOrder: 0
  m_LocalEulerAnglesHint: {x: 0, y: 0, z: 0}
--- !u!23 &311469703
MeshRenderer:
  m_ObjectHideFlags: 0
  m_PrefabParentObject: {fileID: 2362704, guid: 8928d8b2ebf257a4c8074c9772134b38,
    type: 2}
  m_PrefabInternal: {fileID: 85619356}
  m_GameObject: {fileID: 311469701}
  m_Enabled: 1
  m_CastShadows: 0
  m_ReceiveShadows: 1
  m_DynamicOccludee: 1
  m_MotionVectors: 1
  m_LightProbeUsage: 1
  m_ReflectionProbeUsage: 1
  m_Materials:
  - {fileID: 2100000, guid: 35ccbee2b6d9a3942ad741679046ed74, type: 2}
  m_StaticBatchInfo:
    firstSubMesh: 0
    subMeshCount: 0
  m_StaticBatchRoot: {fileID: 0}
  m_ProbeAnchor: {fileID: 0}
  m_LightProbeVolumeOverride: {fileID: 0}
  m_ScaleInLightmap: 1
  m_PreserveUVs: 1
  m_IgnoreNormalsForChartDetection: 0
  m_ImportantGI: 0
  m_StitchLightmapSeams: 0
  m_SelectedEditorRenderState: 3
  m_MinimumChartSize: 4
  m_AutoUVMaxDistance: 0.5
  m_AutoUVMaxAngle: 89
  m_LightmapParameters: {fileID: 0}
  m_SortingLayerID: 0
  m_SortingLayer: 0
  m_SortingOrder: 0
--- !u!33 &311469704
MeshFilter:
  m_ObjectHideFlags: 0
  m_PrefabParentObject: {fileID: 3349146, guid: 8928d8b2ebf257a4c8074c9772134b38,
    type: 2}
  m_PrefabInternal: {fileID: 85619356}
  m_GameObject: {fileID: 311469701}
  m_Mesh: {fileID: 4300000, guid: 523d32499f546754488d81f63242ffdc, type: 3}
--- !u!1 &593465660
GameObject:
  m_ObjectHideFlags: 0
  m_PrefabParentObject: {fileID: 101058, guid: 1ea0753a2f16950409ac2c47953bf9d7, type: 2}
  m_PrefabInternal: {fileID: 1816488062}
  serializedVersion: 5
  m_Component:
  - component: {fileID: 593465661}
  - component: {fileID: 593465663}
  - component: {fileID: 593465662}
  m_Layer: 0
  m_Name: CAUSTICS
  m_TagString: Untagged
  m_Icon: {fileID: 0}
  m_NavMeshLayer: 0
  m_StaticEditorFlags: 0
  m_IsActive: 1
--- !u!4 &593465661
Transform:
  m_ObjectHideFlags: 0
  m_PrefabParentObject: {fileID: 466460, guid: 1ea0753a2f16950409ac2c47953bf9d7, type: 2}
  m_PrefabInternal: {fileID: 1816488062}
  m_GameObject: {fileID: 593465660}
  m_LocalRotation: {x: -0.38559783, y: 0.58633614, z: -0.6074414, w: -0.37220865}
  m_LocalPosition: {x: 185.32355, y: 8.11, z: -186.76236}
  m_LocalScale: {x: 1, y: 1, z: 1}
  m_Children: []
  m_Father: {fileID: 672356225}
  m_RootOrder: 1
  m_LocalEulerAnglesHint: {x: 0, y: 0, z: 0}
--- !u!114 &593465662
MonoBehaviour:
  m_ObjectHideFlags: 0
  m_PrefabParentObject: {fileID: 11439950, guid: 1ea0753a2f16950409ac2c47953bf9d7,
    type: 2}
  m_PrefabInternal: {fileID: 1816488062}
  m_GameObject: {fileID: 593465660}
  m_Enabled: 1
  m_EditorHideFlags: 0
  m_Script: {fileID: 11500000, guid: 1db0bfb634f3cbd44b17a32a17909267, type: 3}
  m_Name: 
  m_EditorClassIdentifier: 
  images:
  - {fileID: 2800000, guid: 8f73045fe260a1b41ae0ed08a11e457e, type: 3}
  - {fileID: 2800000, guid: c8b867a657471694eae2acc00ea55976, type: 3}
  - {fileID: 2800000, guid: 9eed4b32fc2c97740afc9605182cf083, type: 3}
  - {fileID: 2800000, guid: 0216273286a10084fac53723c9ecacd1, type: 3}
  - {fileID: 2800000, guid: 59269c1e312e40b448a947ea11cea0a5, type: 3}
  - {fileID: 2800000, guid: 9d0549a3e382aaf4aaea898c0a9abf5a, type: 3}
  - {fileID: 2800000, guid: d9c43f0d593dd934f8cf2def7af9f3b5, type: 3}
  - {fileID: 2800000, guid: d34facf38d34f1f4db6826b932a74230, type: 3}
  - {fileID: 2800000, guid: 405401a744f104e42a555150861e5e34, type: 3}
  - {fileID: 2800000, guid: b59c3deaa7ab1444b87cb94c44c643b2, type: 3}
  - {fileID: 2800000, guid: 121a9c48e4ac69646bbc67f6cd91a2f2, type: 3}
  - {fileID: 2800000, guid: 07dd37a6193d0c142bd009e2c5bc7c77, type: 3}
  - {fileID: 2800000, guid: bc3c0b0789d5d6341993be892eaa3cb7, type: 3}
  - {fileID: 2800000, guid: 17b957b7c4a6063428d33b48d5d982d2, type: 3}
  - {fileID: 2800000, guid: 20838e709e7126f46a68a17e7059f12d, type: 3}
  - {fileID: 2800000, guid: b25dea0e72de7e04c90ca6c09a69d217, type: 3}
  Delay: 0.033
  curImage: 0
  setParameters: 1
  CausticIntensity: 0.5
  HeightCut: -22.4
  UnderWaterCut: -6.92
  CausticsSize: 0.39
  UpdateProjector: 0
--- !u!119 &593465663
Projector:
  m_ObjectHideFlags: 0
  m_PrefabParentObject: {fileID: 11975896, guid: 1ea0753a2f16950409ac2c47953bf9d7,
    type: 2}
  m_PrefabInternal: {fileID: 1816488062}
  m_GameObject: {fileID: 593465660}
  m_Enabled: 1
  serializedVersion: 2
  m_NearClipPlane: 0.1
  m_FarClipPlane: 500
  m_FieldOfView: 180
  m_AspectRatio: 1
  m_Orthographic: 1
  m_OrthographicSize: 1000
  m_Material: {fileID: 1168338981}
  m_IgnoreLayers:
    serializedVersion: 2
    m_Bits: 0
--- !u!1 &672356224
GameObject:
  m_ObjectHideFlags: 0
  m_PrefabParentObject: {fileID: 196962, guid: 1ea0753a2f16950409ac2c47953bf9d7, type: 2}
  m_PrefabInternal: {fileID: 1816488062}
  serializedVersion: 5
  m_Component:
  - component: {fileID: 672356225}
  m_Layer: 0
  m_Name: Ocean PBR - DX11
  m_TagString: Untagged
  m_Icon: {fileID: 0}
  m_NavMeshLayer: 0
  m_StaticEditorFlags: 0
  m_IsActive: 0
--- !u!4 &672356225
Transform:
  m_ObjectHideFlags: 0
  m_PrefabParentObject: {fileID: 426914, guid: 1ea0753a2f16950409ac2c47953bf9d7, type: 2}
  m_PrefabInternal: {fileID: 1816488062}
  m_GameObject: {fileID: 672356224}
  m_LocalRotation: {x: 0, y: 0, z: 0, w: 1}
  m_LocalPosition: {x: 0, y: 0, z: 0}
  m_LocalScale: {x: 1, y: 1, z: 1}
  m_Children:
  - {fileID: 1007729244}
  - {fileID: 593465661}
  m_Father: {fileID: 0}
  m_RootOrder: 4
  m_LocalEulerAnglesHint: {x: 0, y: 0, z: 0}
--- !u!1 &1007729243
GameObject:
  m_ObjectHideFlags: 0
  m_PrefabParentObject: {fileID: 148804, guid: 1ea0753a2f16950409ac2c47953bf9d7, type: 2}
  m_PrefabInternal: {fileID: 1816488062}
  serializedVersion: 5
  m_Component:
  - component: {fileID: 1007729244}
  - component: {fileID: 1007729246}
  - component: {fileID: 1007729245}
  m_Layer: 4
  m_Name: OCEAN_mesh
  m_TagString: Untagged
  m_Icon: {fileID: 0}
  m_NavMeshLayer: 0
  m_StaticEditorFlags: 0
  m_IsActive: 1
--- !u!4 &1007729244
Transform:
  m_ObjectHideFlags: 0
  m_PrefabParentObject: {fileID: 498950, guid: 1ea0753a2f16950409ac2c47953bf9d7, type: 2}
  m_PrefabInternal: {fileID: 1816488062}
  m_GameObject: {fileID: 1007729243}
  m_LocalRotation: {x: 0, y: 0, z: 0, w: 1}
  m_LocalPosition: {x: 0, y: 0, z: 0}
  m_LocalScale: {x: 782.4606, y: 2, z: 782.4602}
  m_Children: []
  m_Father: {fileID: 672356225}
  m_RootOrder: 0
  m_LocalEulerAnglesHint: {x: 0, y: 0, z: 0}
--- !u!23 &1007729245
MeshRenderer:
  m_ObjectHideFlags: 0
  m_PrefabParentObject: {fileID: 2350508, guid: 1ea0753a2f16950409ac2c47953bf9d7,
    type: 2}
  m_PrefabInternal: {fileID: 1816488062}
  m_GameObject: {fileID: 1007729243}
  m_Enabled: 1
  m_CastShadows: 0
  m_ReceiveShadows: 1
  m_DynamicOccludee: 1
  m_MotionVectors: 1
  m_LightProbeUsage: 1
  m_ReflectionProbeUsage: 1
  m_Materials:
  - {fileID: 2100000, guid: 1554ab64c8dd21044bb7abb345f37333, type: 2}
  m_StaticBatchInfo:
    firstSubMesh: 0
    subMeshCount: 0
  m_StaticBatchRoot: {fileID: 0}
  m_ProbeAnchor: {fileID: 0}
  m_LightProbeVolumeOverride: {fileID: 0}
  m_ScaleInLightmap: 1
  m_PreserveUVs: 1
  m_IgnoreNormalsForChartDetection: 0
  m_ImportantGI: 0
  m_StitchLightmapSeams: 0
  m_SelectedEditorRenderState: 3
  m_MinimumChartSize: 4
  m_AutoUVMaxDistance: 0.5
  m_AutoUVMaxAngle: 89
  m_LightmapParameters: {fileID: 0}
  m_SortingLayerID: 0
  m_SortingLayer: 0
  m_SortingOrder: 0
--- !u!33 &1007729246
MeshFilter:
  m_ObjectHideFlags: 0
  m_PrefabParentObject: {fileID: 3342332, guid: 1ea0753a2f16950409ac2c47953bf9d7,
    type: 2}
  m_PrefabInternal: {fileID: 1816488062}
  m_GameObject: {fileID: 1007729243}
  m_Mesh: {fileID: 4300000, guid: 523d32499f546754488d81f63242ffdc, type: 3}
--- !u!21 &1144902391
Material:
  serializedVersion: 6
  m_ObjectHideFlags: 0
  m_PrefabParentObject: {fileID: 0}
  m_PrefabInternal: {fileID: 0}
  m_Name: Caustics Material
  m_Shader: {fileID: 4800000, guid: 4d9ca675fb032634dafa518331621209, type: 3}
  m_ShaderKeywords: 
  m_LightmapFlags: 5
  m_EnableInstancingVariants: 0
  m_DoubleSidedGI: 0
  m_CustomRenderQueue: -1
  stringTagMap: {}
  disabledShaderPasses: []
  m_SavedProperties:
    serializedVersion: 3
    m_TexEnvs:
    - _Caustic:
        m_Texture: {fileID: 2800000, guid: 8f73045fe260a1b41ae0ed08a11e457e, type: 3}
        m_Scale: {x: 1, y: 1}
        m_Offset: {x: 0, y: 0}
    m_Floats:
    - _CausticIntensity: 0.5
    - _CausticsScale: 0.39
    - _HeightCut: -22.4
    - _UnderwaterCut: -6.92
    m_Colors:
    - _CausticColor: {r: 1, g: 1, b: 1, a: 1}
--- !u!21 &1168338981
Material:
  serializedVersion: 6
  m_ObjectHideFlags: 0
  m_PrefabParentObject: {fileID: 0}
  m_PrefabInternal: {fileID: 0}
  m_Name: Caustics Material
  m_Shader: {fileID: 4800000, guid: 4d9ca675fb032634dafa518331621209, type: 3}
  m_ShaderKeywords: 
  m_LightmapFlags: 5
  m_EnableInstancingVariants: 0
  m_DoubleSidedGI: 0
  m_CustomRenderQueue: -1
  stringTagMap: {}
  disabledShaderPasses: []
  m_SavedProperties:
    serializedVersion: 3
    m_TexEnvs:
    - _Caustic:
        m_Texture: {fileID: 2800000, guid: 8f73045fe260a1b41ae0ed08a11e457e, type: 3}
        m_Scale: {x: 1, y: 1}
        m_Offset: {x: 0, y: 0}
    m_Floats:
    - _CausticIntensity: 0.5
    - _CausticsScale: 0.39
    - _HeightCut: -22.4
    - _UnderwaterCut: -6.92
    m_Colors:
    - _CausticColor: {r: 1, g: 1, b: 1, a: 1}
--- !u!1 &1293490283
GameObject:
  m_ObjectHideFlags: 0
  m_PrefabParentObject: {fileID: 123934, guid: 8928d8b2ebf257a4c8074c9772134b38, type: 2}
  m_PrefabInternal: {fileID: 85619356}
  serializedVersion: 5
  m_Component:
  - component: {fileID: 1293490284}
  - component: {fileID: 1293490286}
  - component: {fileID: 1293490285}
  m_Layer: 0
  m_Name: CAUSTICS
  m_TagString: Untagged
  m_Icon: {fileID: 0}
  m_NavMeshLayer: 0
  m_StaticEditorFlags: 0
  m_IsActive: 1
--- !u!4 &1293490284
Transform:
  m_ObjectHideFlags: 0
  m_PrefabParentObject: {fileID: 447682, guid: 8928d8b2ebf257a4c8074c9772134b38, type: 2}
  m_PrefabInternal: {fileID: 85619356}
  m_GameObject: {fileID: 1293490283}
  m_LocalRotation: {x: -0.38559783, y: 0.58633614, z: -0.6074414, w: -0.37220865}
  m_LocalPosition: {x: 185.32355, y: 8.11, z: -186.76236}
  m_LocalScale: {x: 1, y: 1, z: 1}
  m_Children: []
  m_Father: {fileID: 2131029853}
  m_RootOrder: 1
  m_LocalEulerAnglesHint: {x: 0, y: 0, z: 0}
--- !u!114 &1293490285
MonoBehaviour:
  m_ObjectHideFlags: 0
  m_PrefabParentObject: {fileID: 11477076, guid: 8928d8b2ebf257a4c8074c9772134b38,
    type: 2}
  m_PrefabInternal: {fileID: 85619356}
  m_GameObject: {fileID: 1293490283}
  m_Enabled: 1
  m_EditorHideFlags: 0
  m_Script: {fileID: 11500000, guid: 1db0bfb634f3cbd44b17a32a17909267, type: 3}
  m_Name: 
  m_EditorClassIdentifier: 
  images:
  - {fileID: 2800000, guid: 8f73045fe260a1b41ae0ed08a11e457e, type: 3}
  - {fileID: 2800000, guid: c8b867a657471694eae2acc00ea55976, type: 3}
  - {fileID: 2800000, guid: 9eed4b32fc2c97740afc9605182cf083, type: 3}
  - {fileID: 2800000, guid: 0216273286a10084fac53723c9ecacd1, type: 3}
  - {fileID: 2800000, guid: 59269c1e312e40b448a947ea11cea0a5, type: 3}
  - {fileID: 2800000, guid: 9d0549a3e382aaf4aaea898c0a9abf5a, type: 3}
  - {fileID: 2800000, guid: d9c43f0d593dd934f8cf2def7af9f3b5, type: 3}
  - {fileID: 2800000, guid: d34facf38d34f1f4db6826b932a74230, type: 3}
  - {fileID: 2800000, guid: 405401a744f104e42a555150861e5e34, type: 3}
  - {fileID: 2800000, guid: b59c3deaa7ab1444b87cb94c44c643b2, type: 3}
  - {fileID: 2800000, guid: 121a9c48e4ac69646bbc67f6cd91a2f2, type: 3}
  - {fileID: 2800000, guid: 07dd37a6193d0c142bd009e2c5bc7c77, type: 3}
  - {fileID: 2800000, guid: bc3c0b0789d5d6341993be892eaa3cb7, type: 3}
  - {fileID: 2800000, guid: 17b957b7c4a6063428d33b48d5d982d2, type: 3}
  - {fileID: 2800000, guid: 20838e709e7126f46a68a17e7059f12d, type: 3}
  - {fileID: 2800000, guid: b25dea0e72de7e04c90ca6c09a69d217, type: 3}
  Delay: 0.033
  curImage: 0
  setParameters: 1
  CausticIntensity: 0.5
  HeightCut: -22.4
  UnderWaterCut: -6.92
  CausticsSize: 0.39
  UpdateProjector: 0
--- !u!119 &1293490286
Projector:
  m_ObjectHideFlags: 0
  m_PrefabParentObject: {fileID: 11959680, guid: 8928d8b2ebf257a4c8074c9772134b38,
    type: 2}
  m_PrefabInternal: {fileID: 85619356}
  m_GameObject: {fileID: 1293490283}
  m_Enabled: 1
  serializedVersion: 2
  m_NearClipPlane: 0.1
  m_FarClipPlane: 500
  m_FieldOfView: 180
  m_AspectRatio: 1
  m_Orthographic: 1
  m_OrthographicSize: 1000
  m_Material: {fileID: 1144902391}
  m_IgnoreLayers:
    serializedVersion: 2
    m_Bits: 0
--- !u!1001 &1816488062
Prefab:
  m_ObjectHideFlags: 0
  serializedVersion: 2
  m_Modification:
    m_TransformParent: {fileID: 0}
    m_Modifications:
    - target: {fileID: 426914, guid: 1ea0753a2f16950409ac2c47953bf9d7, type: 2}
      propertyPath: m_LocalPosition.x
      value: 0
      objectReference: {fileID: 0}
    - target: {fileID: 426914, guid: 1ea0753a2f16950409ac2c47953bf9d7, type: 2}
      propertyPath: m_LocalPosition.y
      value: 0
      objectReference: {fileID: 0}
    - target: {fileID: 426914, guid: 1ea0753a2f16950409ac2c47953bf9d7, type: 2}
      propertyPath: m_LocalPosition.z
      value: 0
      objectReference: {fileID: 0}
    - target: {fileID: 426914, guid: 1ea0753a2f16950409ac2c47953bf9d7, type: 2}
      propertyPath: m_LocalRotation.x
      value: 0
      objectReference: {fileID: 0}
    - target: {fileID: 426914, guid: 1ea0753a2f16950409ac2c47953bf9d7, type: 2}
      propertyPath: m_LocalRotation.y
      value: 0
      objectReference: {fileID: 0}
    - target: {fileID: 426914, guid: 1ea0753a2f16950409ac2c47953bf9d7, type: 2}
      propertyPath: m_LocalRotation.z
      value: 0
      objectReference: {fileID: 0}
    - target: {fileID: 426914, guid: 1ea0753a2f16950409ac2c47953bf9d7, type: 2}
      propertyPath: m_LocalRotation.w
      value: 1
      objectReference: {fileID: 0}
    - target: {fileID: 426914, guid: 1ea0753a2f16950409ac2c47953bf9d7, type: 2}
      propertyPath: m_RootOrder
      value: 4
      objectReference: {fileID: 0}
    - target: {fileID: 11975896, guid: 1ea0753a2f16950409ac2c47953bf9d7, type: 2}
      propertyPath: m_Material
      value: 
      objectReference: {fileID: 1168338981}
    - target: {fileID: 196962, guid: 1ea0753a2f16950409ac2c47953bf9d7, type: 2}
      propertyPath: m_IsActive
      value: 0
      objectReference: {fileID: 0}
    m_RemovedComponents: []
  m_ParentPrefab: {fileID: 100100000, guid: 1ea0753a2f16950409ac2c47953bf9d7, type: 2}
  m_RootGameObject: {fileID: 672356224}
  m_IsPrefabParent: 0
--- !u!1 &1872996364
GameObject:
  m_ObjectHideFlags: 0
  m_PrefabParentObject: {fileID: 0}
  m_PrefabInternal: {fileID: 0}
  serializedVersion: 5
  m_Component:
  - component: {fileID: 1872996366}
  - component: {fileID: 1872996365}
  m_Layer: 0
  m_Name: Directional Light
  m_TagString: Untagged
  m_Icon: {fileID: 0}
  m_NavMeshLayer: 0
  m_StaticEditorFlags: 0
  m_IsActive: 1
--- !u!108 &1872996365
Light:
  m_ObjectHideFlags: 0
  m_PrefabParentObject: {fileID: 0}
  m_PrefabInternal: {fileID: 0}
  m_GameObject: {fileID: 1872996364}
  m_Enabled: 1
  serializedVersion: 8
  m_Type: 1
  m_Color: {r: 1, g: 0.95686275, b: 0.8392157, a: 1}
  m_Intensity: 1
  m_Range: 10
  m_SpotAngle: 30
  m_CookieSize: 10
  m_Shadows:
    m_Type: 2
    m_Resolution: -1
    m_CustomResolution: -1
    m_Strength: 1
    m_Bias: 0.05
    m_NormalBias: 0.4
    m_NearPlane: 0.2
  m_Cookie: {fileID: 0}
  m_DrawHalo: 0
  m_Flare: {fileID: 0}
  m_RenderMode: 0
  m_CullingMask:
    serializedVersion: 2
    m_Bits: 4294967295
  m_Lightmapping: 4
  m_AreaSize: {x: 1, y: 1}
  m_BounceIntensity: 1
  m_ColorTemperature: 6570
  m_UseColorTemperature: 0
  m_ShadowRadius: 0
  m_ShadowAngle: 0
--- !u!4 &1872996366
Transform:
  m_ObjectHideFlags: 0
  m_PrefabParentObject: {fileID: 0}
  m_PrefabInternal: {fileID: 0}
  m_GameObject: {fileID: 1872996364}
  m_LocalRotation: {x: 0.40821794, y: -0.23456973, z: 0.109381676, w: 0.87542605}
  m_LocalPosition: {x: 0, y: 3, z: 0}
  m_LocalScale: {x: 1, y: 1, z: 1}
  m_Children: []
  m_Father: {fileID: 0}
  m_RootOrder: 1
  m_LocalEulerAnglesHint: {x: 0, y: 0, z: 0}
--- !u!1 &2131029852
GameObject:
  m_ObjectHideFlags: 0
  m_PrefabParentObject: {fileID: 159960, guid: 8928d8b2ebf257a4c8074c9772134b38, type: 2}
  m_PrefabInternal: {fileID: 85619356}
  serializedVersion: 5
  m_Component:
  - component: {fileID: 2131029853}
  m_Layer: 0
  m_Name: Ocean PBR - DX9 - OpenGL
  m_TagString: Untagged
  m_Icon: {fileID: 0}
  m_NavMeshLayer: 0
  m_StaticEditorFlags: 0
  m_IsActive: 0
--- !u!4 &2131029853
Transform:
  m_ObjectHideFlags: 0
  m_PrefabParentObject: {fileID: 408892, guid: 8928d8b2ebf257a4c8074c9772134b38, type: 2}
  m_PrefabInternal: {fileID: 85619356}
  m_GameObject: {fileID: 2131029852}
  m_LocalRotation: {x: 0, y: 0, z: 0, w: 1}
  m_LocalPosition: {x: 0, y: 0, z: 0}
  m_LocalScale: {x: 1, y: 1, z: 1}
  m_Children:
  - {fileID: 311469702}
  - {fileID: 1293490284}
  m_Father: {fileID: 0}
  m_RootOrder: 3
  m_LocalEulerAnglesHint: {x: 0, y: 0, z: 0}
